<?xml version="1.0" encoding="UTF-8"?><collection xmlns="http://www.loc.gov/MARC21/slim"><record><leader>00525nam--2200193-u-4500</leader><controlfield tag="001">000053529</controlfield><controlfield tag="002">20161230</controlfield><controlfield tag="005">20161230201051</controlfield><controlfield tag="008">110411s1000------------r-----000-0-rum-d</controlfield><datafield ind1=" " ind2=" " tag="040"><subfield code="a">IFIN-HH</subfield></datafield><datafield ind1=" " ind2=" " tag="041"><subfield code="a">rum</subfield></datafield><datafield ind1=" " ind2=" " tag="080"><subfield code="a">577.3:539</subfield></datafield><datafield ind1="1" ind2=" " tag="100"><subfield code="a">Onu, Mihaela</subfield></datafield><datafield ind1="1" ind2="0" tag="245"><subfield code="a">Timpul de relaxare t2 in investigarea tesuturilor</subfield><subfield code="c">Mihaela onu</subfield></datafield><datafield ind1=" " ind2=" " tag="260"><subfield code="a">Bucuresti</subfield><subfield code="b">Ifa</subfield><subfield code="c">2001</subfield></datafield><datafield ind1=" " ind2=" " tag="300"><subfield code="a">154P</subfield></datafield><datafield ind1=" " ind2=" " tag="502"><subfield code="a">Conducator Stiintific: Prof.Dr. Mircea Alexandru Oncescu</subfield></datafield><datafield ind1=" " ind2=" " tag="852"><subfield code="a">81282</subfield><subfield code="c">577.3</subfield></datafield><datafield ind1=" " ind2=" " tag="CAT"><subfield code="a">Sys</subfield><subfield code="c">20110411</subfield><subfield code="h">154334</subfield></datafield></record></collection>